@inbook{montavon-lrp,
    author="Montavon, Gr{\'e}goire
    and Binder, Alexander
    and Lapuschkin, Sebastian
    and Samek, Wojciech
    and M{\"u}ller, Klaus-Robert",
    title="Layer-Wise Relevance Propagation: An Overview",
    booktitle="Explainable AI: Interpreting, Explaining and Visualizing Deep Learning",
    year="2019",
    publisher="Springer International Publishing",
    pages="193--209",
    url="https://doi.org/10.1007/978-3-030-28954-6_10"
}

@article{bach-2015,
    author = {Bach, Sebastian AND Binder, Alexander AND Montavon, Grégoire AND Klauschen, Frederick AND Müller, Klaus-Robert AND Samek, Wojciech},
    journal = {PLOS ONE},
    title = {On Pixel-Wise Explanations for Non-Linear Classifier Decisions by Layer-Wise Relevance Propagation},
    year = {2015},
    url = {https://doi.org/10.1371/journal.pone.0130140},
    pages = {1--46},
    doi = {10.1371/journal.pone.0130140},
}

@inproceedings{ramusat-prov,
    title = {{Provenance-Based Algorithms for Rich Queries over Graph Databases}},
    author = {Ramusat, Yann and Maniu, Silviu and Senellart, Pierre},
    url = {https://inria.hal.science/hal-03140067},
    booktitle = {{EDBT 2021 - 24th International Conference on Extending Database Technology}},
    year = {2021},
    pdf = {https://inria.hal.science/hal-03140067/file/p16.pdf},
}

@article{shortcuts,
  title={Shortcut learning in deep neural networks},
  author={Geirhos, Robert and Jacobsen, J{\"o}rn-Henrik and Michaelis, Claudio and Zemel, Richard and Brendel, Wieland and Bethge, Matthias and Wichmann, Felix A},
  journal={Nature Machine Intelligence},
  volume={2},
  pages={665--673},
  year={2020},
}

@inproceedings{green-2007,
  title={Provenance semirings},
  author={Green, Todd J and Karvounarakis, Grigoris and Tannen, Val},
  booktitle={Proceedings of the twenty-sixth ACM SIGMOD-SIGACT-SIGART symposium on Principles of database systems},
  pages={31--40},
  year={2007}
}

@inproceedings{fong2017interpretable,
  title={Interpretable explanations of black boxes by meaningful perturbation},
  author={Fong, Ruth C and Vedaldi, Andrea},
  booktitle={Proceedings of the IEEE international conference on computer vision},
  pages={3429--3437},
  year={2017},
  url={https://arxiv.org/abs/1704.03296}
}

article{bojarski2016visualbackprop,
  title={VisualBackProp: visualizing CNNs for autonomous driving},
  author={Bojarski, Mariusz and Choromanska, Anna and Choromanski, Krzysztof and Firner, Bernhard and Jackel, Larry and Muller, Urs and Zieba, Karol},
  journal={arXiv preprint arXiv:1611.05418},
  year={2016}
}